######################### Yuhao ##########################
@article{Hirt1974,
      author = "Hirt, C W and Amsden, A A and Cook, J L",
       title = "An arbitrary {L}agrangian-{E}ulerian computing method for all flow speeds",
        year = "1974",
     journal = "J {C}omput {P}hys",
      volume = "14",
      number = "3",
       pages = "227--253"
}
@inproceedings{wu2020phrasecut,
  title={Phrasecut: Language-based image segmentation in the wild},
  author={Wu, Chenyun and Lin, Zhe and Cohen, Scott and Bui, Trung and Maji, Subhransu},
  booktitle={Proceedings of the IEEE/CVF Conference on Computer Vision and Pattern Recognition},
  pages={10216--10225},
  year={2020}
}

@inproceedings{hadsell2006dimensionality,
  title={Dimensionality reduction by learning an invariant mapping},
  author={Hadsell, Raia and Chopra, Sumit and LeCun, Yann},
  booktitle={2006 IEEE computer society conference on computer vision and pattern recognition (CVPR'06)},
  volume={2},
  pages={1735--1742},
  year={2006},
  organization={IEEE}
}